<record><leader>00000cas a2200000 a 4500</leader><controlfield tag="001">17364287</controlfield><controlfield tag="008">880120d1910192uwauwr ne      0    0eng d</controlfield><datafield ind1=" " ind2=" " tag="010"><subfield code="a">sn 88085297 </subfield></datafield><datafield ind1=" " ind2=" " tag="040"><subfield code="a">SLZ</subfield><subfield code="b">eng</subfield><subfield code="c">SLZ</subfield><subfield code="d">OCL</subfield><subfield code="d">WAU</subfield><subfield code="d">OCLCQ</subfield><subfield code="d">OCLCF</subfield><subfield code="d">OCLCO</subfield></datafield><datafield ind1="1" ind2=" " tag="029"><subfield code="a">AU@</subfield><subfield code="b">000020495702</subfield></datafield><datafield ind1=" " ind2=" " tag="042"><subfield code="a">msc</subfield></datafield><datafield ind1=" " ind2=" " tag="043"><subfield code="a">n-us-wa</subfield></datafield><datafield ind1="0" ind2=" " tag="130"><subfield code="a">Tribune-review (Edmonds, Wash.)</subfield></datafield><datafield ind1="1" ind2="4" tag="245"><subfield code="a">The tribune-review.</subfield></datafield><datafield ind1=" " ind2=" " tag="260"><subfield code="a">Edmonds, Wash. :</subfield><subfield code="b">Tribune Pub. Co.</subfield></datafield><datafield ind1=" " ind2=" " tag="300"><subfield code="a">v.</subfield></datafield><datafield ind1=" " ind2=" " tag="310"><subfield code="a">Weekly</subfield></datafield><datafield ind1="0" ind2=" " tag="362"><subfield code="a">Feb. 10, 1910-</subfield></datafield><datafield ind1=" " ind2=" " tag="500"><subfield code="a">During the school year, includes a section from Edmonds High School called: Wireless.</subfield></datafield><datafield ind1=" " ind2="0" tag="651"><subfield code="a">Edmonds (Wash.)</subfield><subfield code="v">Newspapers.</subfield></datafield><datafield ind1=" " ind2="7" tag="655"><subfield code="a">Newspapers.</subfield><subfield code="2">fast</subfield><subfield code="0">(OCoLC)fst01423814</subfield></datafield><datafield ind1=" " ind2="7" tag="651"><subfield code="a">Washington (State)</subfield><subfield code="z">Edmonds.</subfield><subfield code="2">fast</subfield><subfield code="0">(OCoLC)fst01222509</subfield></datafield><datafield ind1="0" ind2="2" tag="740"><subfield code="a">Wireless (Edmonds, Wash.)</subfield></datafield><datafield ind1=" " ind2=" " tag="752"><subfield code="a">United States</subfield><subfield code="b">Washington</subfield><subfield code="c">Snohomish</subfield><subfield code="d">Edmonds.</subfield></datafield><datafield ind1="0" ind2="4" tag="780"><subfield code="t">Edmonds review</subfield><subfield code="w">(DLC)sn 88085292</subfield></datafield><datafield ind1="0" ind2="4" tag="780"><subfield code="t">Edmonds tribune</subfield><subfield code="w">(DLC)sn 90099763</subfield></datafield><datafield ind1="0" ind2="0" tag="785"><subfield code="t">Edmonds tribune-review</subfield></datafield></record>